%-------------------------------------------------------
% Bibliography.bib
%
% This document contains all the bibliography refences
% cited in the paper
%-------------------------------------------------------
@article
{
	onf:openflow-spec,
	title				=	{OpenFlow Switch Specification Version 1.3.2},
	author				= 	{Open Networking Foundation},
	journaltitle		=	{},
	year				=	{2012}
}

@article
{
	acm-openflow-vulnerability,
	title				=	{OpenFlow Vulnerability Assessment},
	author				=	{},
	journaltitle		=	{ACM},
	year				=	{2013},
	pages				=	{151-152}
}